<record><leader>00000cas a22000007a 4500</leader><controlfield tag="001">11161577</controlfield><controlfield tag="008">840917d18821946nhudr ne      0    0eng  </controlfield><controlfield tag="009">466</controlfield><datafield ind1=" " ind2=" " tag="010"><subfield code="a">sn 84020573 </subfield></datafield><datafield ind1=" " ind2=" " tag="040"><subfield code="a">DLC</subfield><subfield code="b">eng</subfield><subfield code="c">DLC</subfield><subfield code="d">NPY</subfield><subfield code="d">NVH</subfield><subfield code="d">DLC</subfield><subfield code="d">CRL</subfield><subfield code="d">DLC</subfield><subfield code="d">OCLCF</subfield></datafield><datafield ind1="1" ind2=" " tag="029"><subfield code="a">AU@</subfield><subfield code="b">000020344273</subfield></datafield><datafield ind1=" " ind2=" " tag="042"><subfield code="a">msc</subfield></datafield><datafield ind1=" " ind2=" " tag="043"><subfield code="a">n-us-nh</subfield></datafield><datafield ind1="0" ind2="0" tag="050"><subfield code="a">Newspaper</subfield></datafield><datafield ind1="0" ind2=" " tag="130"><subfield code="a">Manchester union (Manchester, N.H.)</subfield></datafield><datafield ind1="1" ind2="4" tag="245"><subfield code="a">The Manchester union.</subfield></datafield><datafield ind1="1" ind2=" " tag="246"><subfield code="i">Issues for Sunday Feb. 13, 1910-Nov. 27, 1910 published as:</subfield><subfield code="a">Sunday union</subfield></datafield><datafield ind1="1" ind2=" " tag="246"><subfield code="i">Issues for Sunday Oct. 6, 1946-Dec. 11, 1946 published as:</subfield><subfield code="a">New Hampshire Sunday news</subfield></datafield><datafield ind1="1" ind2="7" tag="246"><subfield code="a">Union, Manchester</subfield><subfield code="f">&lt;Nov. 1, 1946-&gt;</subfield></datafield><datafield ind1=" " ind2=" " tag="260"><subfield code="a">Manchester, N.H. :</subfield><subfield code="b">Union Pub. Co.,</subfield><subfield code="c">1882-1946.</subfield></datafield><datafield ind1=" " ind2=" " tag="300"><subfield code="a">v.</subfield></datafield><datafield ind1=" " ind2=" " tag="310"><subfield code="a">Daily,</subfield><subfield code="b">Oct. 6, 1946-Dec. 11, 1946</subfield></datafield><datafield ind1=" " ind2=" " tag="321"><subfield code="a">Daily (except Sunday),</subfield><subfield code="b">Nov. 27, 1882-&lt;1910&gt;</subfield></datafield><datafield ind1=" " ind2=" " tag="321"><subfield code="a">Daily,</subfield><subfield code="b">Feb. 13, 1910-Nov. 27, 1910</subfield></datafield><datafield ind1=" " ind2=" " tag="321"><subfield code="a">Daily (except Sunday),</subfield><subfield code="b">&lt;1910-1946&gt;</subfield></datafield><datafield ind1="0" ind2=" " tag="362"><subfield code="a">Vol. 20, no. 199 (Nov. 27, 1882)-v. 83, no. 158 (Oct. 2, 1945) ;  83rd year, no. 159 (Oct. 3, 1945)-84th year, no. 219 (Dec. 11, 1946).</subfield></datafield><datafield ind1="1" ind2=" " tag="362"><subfield code="a">Began with Nov. 27, 1882 issue.</subfield><subfield code="z">Cf. Newspapers in microform: U.S., 1948-1972.</subfield></datafield><datafield ind1=" " ind2=" " tag="515"><subfield code="a">Sunday issues for Oct. 6, 1946-    have their own numbering.</subfield></datafield><datafield ind1=" " ind2=" " tag="530"><subfield code="a">Available on microfilm from New England Micrographics Inc.</subfield></datafield><datafield ind1=" " ind2=" " tag="580"><subfield code="a">Weekly eds.: Weekly union (Manchester, N.H. : 1880), 1882-1901, and: New Hampshire farmer and weekly union, 1901-1918.</subfield></datafield><datafield ind1=" " ind2="0" tag="651"><subfield code="a">Manchester (N.H.)</subfield><subfield code="v">Newspapers.</subfield></datafield><datafield ind1=" " ind2="0" tag="651"><subfield code="a">Hillsborough County (N.H.)</subfield><subfield code="v">Newspapers.</subfield></datafield><datafield ind1=" " ind2="7" tag="655"><subfield code="a">Newspapers.</subfield><subfield code="2">fast</subfield><subfield code="0">(OCoLC)fst01423814</subfield></datafield><datafield ind1=" " ind2="7" tag="651"><subfield code="a">New Hampshire</subfield><subfield code="z">Hillsborough County.</subfield><subfield code="2">fast</subfield><subfield code="0">(OCoLC)fst01212003</subfield></datafield><datafield ind1=" " ind2="7" tag="651"><subfield code="a">New Hampshire</subfield><subfield code="z">Manchester.</subfield><subfield code="2">fast</subfield><subfield code="0">(OCoLC)fst01212997</subfield></datafield><datafield ind1=" " ind2=" " tag="752"><subfield code="a">United States</subfield><subfield code="b">New Hampshire</subfield><subfield code="c">Hillsborough</subfield><subfield code="d">Manchester.</subfield></datafield><datafield ind1="1" ind2=" " tag="775"><subfield code="t">Weekly union (Manchester, N.H. : 1880)</subfield><subfield code="w">(DLC)sn 90062623</subfield><subfield code="w">(OCoLC)22970536</subfield></datafield><datafield ind1="1" ind2=" " tag="775"><subfield code="t">New Hampshire farmer and weekly union</subfield><subfield code="w">(DLC)sn 90062374</subfield><subfield code="w">(OCoLC)22950696</subfield></datafield><datafield ind1="0" ind2="0" tag="780"><subfield code="t">Daily union (Manchester, N.H. : 1880)</subfield><subfield code="w">(DLC)sn 85038303</subfield><subfield code="w">(OCoLC)12170793</subfield></datafield><datafield ind1="0" ind2="0" tag="785"><subfield code="t">New Hampshire morning union</subfield><subfield code="w">(DLC)sn 84020574</subfield><subfield code="w">(OCoLC)11162894</subfield></datafield></record>